<?xml version="1.0" encoding="UTF-8"?><collection xmlns="http://www.loc.gov/MARC21/slim"><record><leader>00611nam--2200181-i-4500</leader><controlfield tag="001">000040377</controlfield><controlfield tag="002">20161230</controlfield><controlfield tag="005">20161230201042</controlfield><controlfield tag="008">060222s1000------------r-----000-0-fre-d</controlfield><datafield ind1=" " ind2=" " tag="040"><subfield code="a">IFIN-HH</subfield></datafield><datafield ind1=" " ind2=" " tag="041"><subfield code="a">fre</subfield></datafield><datafield ind1=" " ind2=" " tag="080"><subfield code="a">539.171.11:015</subfield></datafield><datafield ind1="1" ind2=" " tag="100"><subfield code="a">Saunier,Gerard</subfield></datafield><datafield ind1="1" ind2="0" tag="245"><subfield code="a">Interactions nucleon-nucleon effectives semi-realistes, completes et calculs hartree-fock dans des noyaux spheriques de l'helium aux super-lourds</subfield><subfield code="b">These</subfield><subfield code="c">Gerard saunier</subfield></datafield><datafield ind1=" " ind2=" " tag="260"><subfield code="a">Grenoble</subfield><subfield code="b">Universite Scientifiques Et Medicale De Grenoble</subfield><subfield code="c">1971</subfield></datafield><datafield ind1=" " ind2=" " tag="300"><subfield code="a">203 P</subfield></datafield><datafield ind1=" " ind2=" " tag="852"><subfield code="a">38050</subfield><subfield code="c">539.17</subfield></datafield><datafield ind1=" " ind2=" " tag="CAT"><subfield code="a">Sys</subfield><subfield code="c">20120608</subfield><subfield code="h">143038</subfield></datafield></record></collection>